@ARTICLE{2022arXiv221113611O,
       author = {{O'Mullane}, William and {Economou}, Frossie and {Lim}, Kian-Tat and {Mueller}, Fritz and {Jenness}, Tim and {Dubois-Felsmann}, Gregory P. and {Guy}, Leanne P. and {Sullivan}, Ian S. and {AlSayyad}, Yusra and {Swinbank}, John D. and {Krughoff}, K. Simon},
        title = "{Software Architecture and System Design of Rubin Observatory}",
      journal = {arXiv e-prints},
     keywords = {Astrophysics - Instrumentation and Methods for Astrophysics, Computer Science - Software Engineering},
         year = 2022,
        month = nov,
          eid = {arXiv:2211.13611},
        pages = {arXiv:2211.13611},
          doi = {10.48550/arXiv.2211.13611},
archivePrefix = {arXiv},
       eprint = {2211.13611},
 primaryClass = {astro-ph.IM},
       adsurl = {https://ui.adsabs.harvard.edu/abs/2022arXiv221113611O},
      adsnote = {Provided by the SAO/NASA Astrophysics Data System}
}

@inproceedings{2024SPIE13101.86Otmp,
author = {William O'Mullane and Richard Dubois and Yusra AlSayyad and Frossie Economou and
          Dan Speck and Flora Huang and Yee-Ting Li and Fritz Mueller and Wei Yang and Tim Jenness
          and James Chiang},
title = "{Rubin's Hybrid On Premises-Cloud Data Access Center}",
volume = 13101,
year = 2024,
pages = {13101-86, in press},
editor = {Jorge Ibsen and Gianluca Chiozzi},
series = "Society of Photo-Optical Instrumentation Engineers (SPIE) Conference Series",
booktitle = "Software and Cyberinfrastructure for Astronomy VIII",
url = {https://dx.doi.org/doi#here},
}

@inproceedings{2024SPIE13101.129Jtmp,
author = {Tim Jenness and David H. Irving and James Bosch and Andrei Salnikov and Nate B. Lust},
title = "{Converting Rubin Observatory's Data Butler to a client/server architecture}",
volume = 13101,
year = 2024,
pages = {13101-129, in press},
editor = {Jorge Ibsen and Gianluca Chiozzi},
series = "Society of Photo-Optical Instrumentation Engineers (SPIE) Conference Series",
booktitle = "Software and Cyberinfrastructure for Astronomy VIII",
url = {https://dx.doi.org/doi#here},
}

@inproceedings{2024SPIE13101.59Ftmp,
author = {Angelo {Fausti Neto} and Adam Thornton and Michael Reuter and Frossie Economou},
title = "{Sasquatch: Rubin Observatory metrics and telemetry service}",
volume = 13101,
year = 2024,
pages = {13101-59, in press},
editor = {Jorge Ibsen and Gianluca Chiozzi},
series = "Society of Photo-Optical Instrumentation Engineers (SPIE) Conference Series",
booktitle = "Software and Cyberinfrastructure for Astronomy VIII",
url = {https://dx.doi.org/doi#here},
}

@MISC{2016ivoa.spec.1024H,
       author = {{Harrison}, P.~A. and {Rixon}, G.},
        title = "{Universal Worker Service Pattern Version 1.1}",
 howpublished = {IVOA Recommendation 24 October 2016},
         year = 2016,
        month = oct,
        pages = {1024},
          doi = {10.5479/ADS/bib/2016ivoa.spec.1024H},
       adsurl = {https://ui.adsabs.harvard.edu/abs/2016ivoa.spec.1024H},
      adsnote = {Provided by the SAO/NASA Astrophysics Data System}
}

@ARTICLE{2022arXiv221115795G,
       author = {{Gower}, Michelle and {Kowalik}, Mikolaj and {Lust}, Nate B. and {Bosch}, James F. and {Jenness}, Tim},
        title = "{Adding Workflow Management Flexibility to LSST Pipelines Execution}",
      journal = {arXiv e-prints},
     keywords = {Astrophysics - Instrumentation and Methods for Astrophysics, Computer Science - Distributed, Parallel, and Cluster Computing},
         year = 2022,
        month = nov,
          eid = {arXiv:2211.15795},
        pages = {arXiv:2211.15795},
          doi = {10.48550/arXiv.2211.15795},
archivePrefix = {arXiv},
       eprint = {2211.15795},
 primaryClass = {astro-ph.IM},
       adsurl = {https://ui.adsabs.harvard.edu/abs/2022arXiv221115795G},
      adsnote = {Provided by the SAO/NASA Astrophysics Data System}
}

@ARTICLE{2023arXiv230303313L,
       author = {{Lust}, Nate B. and {Jenness}, Tim and {Bosch}, James F. and {Salnikov}, Andrei and {Pease}, Nathan M. and {Gower}, Michelle and {Kowalik}, Mikolaj and {Dubois-Felsmann}, Gregory P. and {Mueller}, Fritz and {Schellart}, Pim},
        title = "{Data management and execution systems for the Rubin Observatory Science Pipelines}",
      journal = {arXiv e-prints},
     keywords = {Astrophysics - Instrumentation and Methods for Astrophysics, Computer Science - Distributed, Parallel, and Cluster Computing},
         year = 2023,
        month = mar,
          eid = {arXiv:2303.03313},
        pages = {arXiv:2303.03313},
          doi = {10.48550/arXiv.2303.03313},
archivePrefix = {arXiv},
       eprint = {2303.03313},
 primaryClass = {astro-ph.IM},
       adsurl = {https://ui.adsabs.harvard.edu/abs/2023arXiv230303313L},
      adsnote = {Provided by the SAO/NASA Astrophysics Data System}
}
